<record><leader>00000cas a2200000 a 4500</leader><controlfield tag="001">13724221</controlfield><controlfield tag="008">860612d18821900mouwr ne      0    0eng d</controlfield><datafield ind1=" " ind2=" " tag="010"><subfield code="a">sn 86063677 </subfield></datafield><datafield ind1=" " ind2=" " tag="040"><subfield code="a">KSH</subfield><subfield code="b">eng</subfield><subfield code="c">KSH</subfield><subfield code="d">NPT</subfield><subfield code="d">MQN</subfield><subfield code="d">OCL</subfield><subfield code="d">OCLCQ</subfield></datafield><datafield ind1=" " ind2=" " tag="042"><subfield code="a">msc</subfield></datafield><datafield ind1="0" ind2=" " tag="130"><subfield code="a">St. Joseph weekly herald (Saint Joseph, Mo. : 1882)</subfield></datafield><datafield ind1="1" ind2="0" tag="245"><subfield code="a">St. Joseph weekly herald.</subfield></datafield><datafield ind1="3" ind2="0" tag="246"><subfield code="a">Saint Joseph weekly herald</subfield></datafield><datafield ind1=" " ind2=" " tag="260"><subfield code="a">St. Joseph, Mo. :</subfield><subfield code="b">[s.n.],</subfield><subfield code="c">1882-1900.</subfield></datafield><datafield ind1=" " ind2=" " tag="300"><subfield code="a">18 v. :</subfield><subfield code="b">ill. ;</subfield><subfield code="c">56-70 cm.</subfield></datafield><datafield ind1=" " ind2=" " tag="310"><subfield code="a">Weekly</subfield></datafield><datafield ind1="0" ind2=" " tag="362"><subfield code="a">Vol. 20, no. 24 (June 22, 1882)-v. 37, no. 31 (Aug. 2, 1900).</subfield></datafield><datafield ind1=" " ind2=" " tag="752"><subfield code="a">United States</subfield><subfield code="b">Missouri</subfield><subfield code="c">Buchanan</subfield><subfield code="d">Saint Joseph.</subfield></datafield><datafield ind1="0" ind2=" " tag="775"><subfield code="t">St. Joseph herald (Saint Joseph, Mo. : 1879)</subfield><subfield code="w">(DLC)sn 86063685</subfield></datafield><datafield ind1="0" ind2=" " tag="775"><subfield code="t">St. Joseph daily herald (Saint Joseph, Mo. : 1886)</subfield><subfield code="w">(DLC)sn 86063686</subfield></datafield><datafield ind1="0" ind2=" " tag="775"><subfield code="t">St. Joseph herald (Saint Joseph, Mo. : 1889)</subfield><subfield code="w">(DLC)sn 86063687</subfield></datafield><datafield ind1="0" ind2="0" tag="780"><subfield code="t">St. Joseph dollar herald (Saint Joseph, Mo. : Weekly)</subfield><subfield code="w">(DLC)sn 86063676</subfield></datafield><datafield ind1="0" ind2="7" tag="785"><subfield code="t">St. Joseph weekly gazette (Saint Joseph, Mo. : 1878)</subfield><subfield code="w">(DLC)sn 86063679</subfield></datafield><datafield ind1="0" ind2="7" tag="785"><subfield code="t">St. Joseph weekly gazette-herald</subfield><subfield code="w">(DLC)sn 86063673</subfield></datafield><datafield ind1="1" ind2=" " tag="029"><subfield code="a">AU@</subfield><subfield code="b">000022168773</subfield></datafield></record>